@COMMENT{
	tipos de entradas mais comuns = {},
	article = {artigo em periódico},
	book = {livro},
	online = {recurso online ou página web}
}


@article{Abedi2014,
	author = {Abedi, Z. and Saber, M. and Vojoudi, S. and Mahdavi, V. and Parsaeyan, E.},
	title = {{A}cute, sublethal, and combination effects of azadirachtin and {B}acillus thuringiensis on the cotton bollworm, {H}elicoverpa armigera},
	journal = {J. Insect Sci.},
	volume = {14},
	pages = {30-37},
	year = {2014}
}

@article{Agaisse1995,
	author = {Agaisse, H. and Lereclus, D.},
	title = {{H}ow does {B}acillus thuringiensis produce so much insecticidal crystal protein?},
	journal = {J. Bacteriol.},
	volume = {177},
	number = {21},
	pages = {6027-6032},
	year = {1995}
}

@article{AgapitoTenfen2014,
	author = {Agapito-Tenfen, S. Z. and Vilperte, V. and Benevenuto, R. F. and Rover, C. M. and Traavik, T. I. and Nodari, R. O.},
	title = {{E}ffect of stacking insecticidal cry and herbicide tolerance epsps transgenes on transgenic maize proteome},
	journal = {BMC Plant Biol},
	volume = {14},
	pages = {346},
	year = {2014}
}

@book{Nelson2014,
	author = {Nelson, David L. and Cox, Michael M.},
	title = {{P}rincípios de {B}ioquímica de {L}ehninger},
	publisher = {Artmed},
	address = {Porto Alegre},
	edition = {6},
	pages = {1328},
	year = {2014}
}

@online{BtNomenclature2016,
	author = {Crickmore, N. and Baum, J. and Bravo, A. and Lereclus, D. and Narva, K. and Sampson, K. and Schnepf, E. and Sun, M. and Zeigler, D.R.},
	title = {{B}acillus thuringiensis toxin nomenclature},
	year = {2016},
	url = {http://www.btnomenclature.info},
	urlaccessdate = {04 de out. de 2016}
}


%%%%% Alan colocou isso%%%%%%%%%%%

@article{VALENTE201691,
title = "Automatic 3D pulmonary nodule detection in CT images: A survey",
journal = "Computer Methods and Programs in Biomedicine",
year = "2016",
url = "http://www.sciencedirect.com/science/article/pii/S0169260715300298",
author = "Igor Rafael S. Valente and Paulo César Cortez and Edson Cavalcanti Neto and José Marques Soares and Victor Hugo C. {de Albuquerque} and João Manuel R.S. Tavares",
}


@article{teste2,
title={{The Lung Image Database Consortium (LIDC) and Image Database Resource Initiative (IDRL): A Completed Reference Database of Lung Nodules on CT Scans}},
author={Armato SG 3rd and McLennan G and Bidaut L and McNitt-Gray MF and Meyer CR and Reeves AP and Zhao B and Aberle DR and Henschke CI and Hoffman EA and Kazerooni EA and MacMahon H and Van Beeke EJ and Yankelevitz D and Biancardi AM and Bland PH and Brown MS and Engelmann RM and Laderach GE and Max D and Pais RC and Qing DP and Roberts RY and Smith AR and Starkey A and Batrah P and Caligiuri P and Farooqi A and Gladish GW and Jude CM and Munden RF and Petkovska I and Quint LE and Schwartz LH and Sundaram B and Dodd LE and Fenimore C and Gur D and Petrick N and Freymann J and Kirby J and Hughes B and Casteele AV and Gupte S and Sallamm M and Heath MD and Kuhn MH and Dharaiya E and Burns R and Fryd DS and Salganicoff M and Anand V and Shreter U and Vastagh S and Croft BY},
year={2011},
url={https://wiki.cancerimagingarchive.net/display/Public/LIDC-IDRI},
}


%https://doi.org/10.3322/caac.21332
@article{teste4,
author = {Siegel, Rebecca L. and Miller, Kimberly D. and Jemal, Ahmedin},
title = {Cancer statistics, 2016},
journal = {CA: A Cancer Journal for Clinicians},
volume = {66},
number = {1},
pages = {7-30},
doi = {https://doi.org/10.3322/caac.21332},
url = {https://acsjournals.onlinelibrary.wiley.com/doi/abs/10.3322/caac.21332},
eprint = {https://acsjournals.onlinelibrary.wiley.com/doi/pdf/10.3322/caac.21332},
year = {2016}
}

@article{teste5,
author = {Bray, Freddie and Ferlay, Jacques and Soerjomataram, Isabelle and Siegel, Rebecca L. and Torre, Lindsey A. and Jemal, Ahmedin},
title = {Global cancer statistics 2018: GLOBOCAN estimates of incidence and mortality worldwide for 36 cancers in 185 countries},
journal = {CA: A Cancer Journal for Clinicians},
url = {https://acsjournals.onlinelibrary.wiley.com/doi/abs/10.3322/caac.21492},
year = {2018},
}

@article{teste6,
author = {Petrick, Nicholas and Sahiner, Berkman and Armato III, Samuel G. and Bert, Alberto and Correale, Loredana and Delsanto, Silvia and Freedman, Matthew T. and Fryd, David and Gur, David and Hadjiiski, Lubomir and Huo, Zhimin and Jiang, Yulei and Morra, Lia and Paquerault, Sophie and Raykar, Vikas and Samuelson, Frank and Summers, Ronald M. and Tourassi, Georgia and Yoshida, Hiroyuki and Zheng, Bin and Zhou, Chuan and Chan, Heang-Ping},
title = {Evaluation of computer-aided detection and diagnosis systemsa)},
journal = {Medical Physics},
url = {https://aapm.onlinelibrary.wiley.com/doi/abs/10.1118/1.4816310},
year = {2013}
}

@article{XIE2018102,
title = "Fusing texture, shape and deep model-learned information at decision level for automated classification of lung nodules on chest CT",
journal = "Information Fusion",
year = "2018",
url = "http://www.sciencedirect.com/science/article/pii/S1566253516301063",
author = "Yutong Xie and Jianpeng Zhang and Yong Xia and Michael Fulham and Yanning Zhang",
}


@ARTICLE{shara,
  author={M. B. {Rodrigues} and R. V. M. {Da NóBrega} and S. S. A. {Alves} and P. P. R. {Filho} and J. B. F. {Duarte} and A. K. {Sangaiah} and V. H. C. {De Albuquerque}},
  journal={IEEE Access}, 
  title={Health of Things Algorithms for Malignancy Level Classification of Lung Nodules}, 
  year={2018},
  doi={10.1109/ACCESS.2018.2817614}
}


@article{Han,
  author={F. Han and  Wang H. and Zhang G. and Han H. and Song B. and Li L. and Liang Z.},
  journal={Journal of Digital Imaging}, 
  title={Texture Feature Analysis for Computer-Aided Diagnosis on Pulmonary Nodules}, 
  year={2015},
  doi={10.1007/s10278-014-9718-8}
}

@article{Shen,
  author={W. Shen And Zhou M. and Yang F. and Yang C. and Tian J.},
  journal={Information Processing in Medical Imaging. IPMI 2015.}, 
  title={Multi-scale Convolutional Neural Networks for Lung Nodule Classification.}, 
  year={2015},
  doi={https://doi.org/10.1007/978-3-319-19992-4_46}
}